@article{survey13,
  title={A survey on coverage path planning for robotics},
  author={Galceran, Enric and Carreras, Marc},
  journal={Robotics and Autonomous Systems},
  volume={61},
  number={12},
  pages={1258--1276},
  year={2013},
  publisher={Elsevier}
}


@inproceedings{cleaning88,
  title={Cleaning robot control},
  author={Yasutomi, Fumio and Yamada, M and Tsukamoto, K},
  booktitle={Robotics and Automation, 1988. Proceedings., 1988 IEEE International Conference on},
  pages={1839--1841},
  year=1988,
  organization={IEEE}
}

@inproceedings{randomcover,
  title={Measuring coverage performances of a floor cleaning mobile robot using a vision system},
  author={Palac{\'\i}n, Jordi and Palleja, Tom{\'a}s and Valga{\~n}{\'o}n, Ignasi and Pernia, Ram{\'o}n and Roca, Joan},
  booktitle={Proceedings of the 2005 IEEE International Conference on Robotics and Automation},
  pages={4236--4241},
  year={2005},
  organization={IEEE}
}

@article{neural,
  title={A bioinspired neural network for real-time concurrent map building and complete coverage robot navigation in unknown environments},
  author={Luo, Chaomin and Yang, Simon X},
  journal={IEEE Transactions on Neural Networks},
  volume={19},
  number={7},
  pages={1279--1298},
  year={2008},
  publisher={IEEE}
}

@article{grossbergmodel,
  title={Nonlinear neural networks: Principles, mechanisms, and architectures},
  author={Grossberg, Stephen},
  journal={Neural networks},
  volume={1},
  number={1},
  pages={17--61},
  year={1988},
  publisher={Elsevier}
}

@Inbook{gen3d,
author="Hert, Susan
and Tiwari, Sanjay
and Lumelsky, Vladimir",
editor="Yuh, Junku
and Ura, Tamaki
and Bekey, George A.",
title="A Terrain-Covering Algorithm for an AUV",
bookTitle="Underwater Robots",
year="1996",
publisher="Springer US",
address="Boston, MA",
pages="17--45",
isbn="978-1-4613-1419-6",
doi="10.1007/978-1-4613-1419-6_2",
url="http://dx.doi.org/10.1007/978-1-4613-1419-6_2"
}

@inproceedings{rt_heuristic_coverage,
  title={Real-Time Planning for Covering an Initially-Unknown Spatial Environment.},
  author={Shivashankar, Vikas and Jain, Rajiv and Kuter, Ugur and Nau, Dana S},
  booktitle={FLAIRS Conference},
  year={2011}
}

@inproceedings{wavefront,
  title={Planning paths of complete coverage of an unstructured environment by a mobile robot},
  author={Zelinsky, Alexander and Jarvis, Ray A and Byrne, JC and Yuta, Shinâ€™ichi},
  booktitle={Proceedings of international conference on advanced robotics},
  volume=13,
  pages={533--538},
  year=1993
}

@article{lawnmowing,
  title={Approximation algorithms for lawn mowing and milling},
  author={Arkin, Esther M and Fekete, S{\'a}ndor P and Mitchell, Joseph SB},
  journal={Computational Geometry},
  volume={17},
  number={1},
  pages={25--50},
  year={2000},
  publisher={Elsevier}
}